
@online{Random_Forest_Library,
	title = {{RandomForestRegressor}},
	url = {https://scikit-learn/stable/modules/generated/sklearn.ensemble.RandomForestRegressor.html},
	abstract = {Gallery examples: Release Highlights for scikit-learn 1.4 Release Highlights for scikit-learn 0.24 Combine predictors using stacking Comparing Random Forests and Histogram Gradient Boosting models ...},
	titleaddon = {scikit-learn},
	urldate = {2024-09-18},
	file = {Snapshot:/Users/gui/Zotero/storage/TL39KCXS/sklearn.ensemble.RandomForestRegressor.html:text/html},
}

@online{ML_Model,
	title = {Which machine learning model is best for a combination of numerical and categorical data?},
	url = {https://datascience.stackexchange.com/questions/103039/which-machine-learning-model-is-best-for-a-combination-of-numerical-and-categori},
	shorttitle = {Machine Learning Models},
	titleaddon = {Data Science},
	author = {Archana, David},
	urldate = {2024-09-18},
}

@misc{Kaggle_dataset,
	title = {Find Open Datasets and Machine Learning Projects {\textbar} Kaggle},
	url = {https://www.kaggle.com/datasets},
	shorttitle = {Kaggle Dataset},
	abstract = {Download Open Datasets on 1000s of Projects + Share Projects on One Platform. Explore Popular Topics Like Government, Sports, Medicine, Fintech, Food, More. Flexible Data Ingestion.},
	urldate = {2024-09-12},
	date = {2024-03-09},
	langid = {english},
	file = {Snapshot:/Users/gui/Zotero/storage/922JAS96/data.html:text/html},
}

@online{Randon_Forest,
	title = {What Is Random Forest?},
	url = {https://www.ibm.com/topics/random-forest},
	shorttitle = {What Is Random Forest?},
	abstract = {Random forest is a commonly-used machine learning algorithm that combines the output of multiple decision trees to reach a single result.},
	author = {{IBM}},
	urldate = {2024-09-16},
	date = {2021-10-20},
	langid = {english},
}

@online{SVM,
	title = {What Is Support Vector Machine?},
	url = {https://www.ibm.com/topics/support-vector-machine},
	shorttitle = {What Is Support Vector Machine?},
	abstract = {{SVM} is a supervised {ML} algorithm that classifies data by finding an optimal line or hyperplane to maximize distance between each class in N-dimensional space.},
	author = {{IBM}},
	urldate = {2024-09-15},
	date = {2023-12-12},
	langid = {english},
}

@unpublished{Predicting_Wine_Quality,
	title = {Predicting wine quality using Machine Learning},
	author = {Guidikov, Christian},
	urldate = {2024-09-18},
	langid = {english},
        note = ""
}

@online{K-fold_Cross-Validation,
	title = {Why is the k-fold cross-validation needed?},
	url = {https://datascience.stackexchange.com/questions/103039/which-machine-learning-model-is-best-for-a-combination-of-numerical-and-categori},
	shorttitle = {Machine Learning Models},
	titleaddon = {Data Science},
	type = {Forum},
	urldate = {2024-09-18},
}

@online{Hinge-loss,
	title = {Hinge-loss & relationship with Support Vector Machines},
	url = {https://www.geeksforgeeks.org/hinge-loss-relationship-with-support-vector-machines/},
	shorttitle = {Hinge-loss},
	author = {{GeeksforGeeks}},
	urldate = {2024-09-17},
	langid = {english},
}